<record><leader>00000cas a22000007a 4500</leader><controlfield tag="001">22291345</controlfield><controlfield tag="008">900829d18721872nyudn ne      0    0eng d</controlfield><datafield ind1=" " ind2=" " tag="010"><subfield code="a">sn 90066518 </subfield></datafield><datafield ind1=" " ind2=" " tag="040"><subfield code="a">NYS</subfield><subfield code="b">eng</subfield><subfield code="c">NYS</subfield><subfield code="d">OCLCQ</subfield></datafield><datafield ind1=" " ind2=" " tag="042"><subfield code="a">msc</subfield></datafield><datafield ind1="0" ind2="0" tag="245"><subfield code="a">Ithaca evening leader.</subfield></datafield><datafield ind1=" " ind2=" " tag="260"><subfield code="a">Ithaca, N.Y. :</subfield><subfield code="b">Cunningham &amp; Norton</subfield></datafield><datafield ind1=" " ind2=" " tag="300"><subfield code="a">v.</subfield></datafield><datafield ind1=" " ind2=" " tag="310"><subfield code="a">Daily (except Sunday)</subfield></datafield><datafield ind1="1" ind2=" " tag="362"><subfield code="a">Began May 8, 1872? Ceased Dec. 31, 1872?</subfield></datafield><datafield ind1=" " ind2=" " tag="500"><subfield code="a">Publishers: Cunningham &amp; Norton, &lt;May 8-Aug. 22, 1872&gt;; Spencer &amp; Williams, &lt;Dec. 19, 1872&gt;.</subfield></datafield><datafield ind1=" " ind2=" " tag="588"><subfield code="a">Description based on: 3rd year, no. 769 (May 8, 1872).</subfield></datafield><datafield ind1=" " ind2="4" tag="651"><subfield code="a">Ithaca (N.Y.)</subfield><subfield code="v">Newspapers.</subfield></datafield><datafield ind1=" " ind2=" " tag="752"><subfield code="a">United States</subfield><subfield code="b">New York</subfield><subfield code="c">Tompkins</subfield><subfield code="d">Ithaca.</subfield></datafield><datafield ind1="0" ind2="0" tag="780"><subfield code="t">Ithaca daily leader</subfield><subfield code="w">(DLC)sn 90066517</subfield><subfield code="w">(OCoLC)22291247</subfield></datafield><datafield ind1="0" ind2="0" tag="785"><subfield code="t">Ithaca daily Democrat (Ithaca, N.Y. : 1873)</subfield><subfield code="w">(DLC)sn 83031161</subfield></datafield><datafield ind1="1" ind2=" " tag="029"><subfield code="a">AU@</subfield><subfield code="b">000025869215</subfield></datafield></record>